<?xml version="1.0" encoding="UTF-8"?><record xmlns="http://www.loc.gov/MARC21/slim" xmlns:cinclude="http://apache.org/cocoon/include/1.0" xmlns:zs="http://www.loc.gov/zing/srw/">
  <leader>00548nz  a2200157n  4500</leader>
  <controlfield tag="001">no2012128070</controlfield>
  <controlfield tag="003">DLC</controlfield>
  <controlfield tag="005">20120928075212.0</controlfield>
  <controlfield tag="008">120926n| acannaabn          |a aaa     c</controlfield>
  <datafield tag="010" ind1=" " ind2=" ">
    <subfield code="a">no2012128070</subfield>
  </datafield>
  <datafield tag="035" ind1=" " ind2=" ">
    <subfield code="a">(OCoLC)oca09311086</subfield>
  </datafield>
  <datafield tag="040" ind1=" " ind2=" ">
    <subfield code="a">Sd</subfield>
    <subfield code="b">eng</subfield>
    <subfield code="c">Sd</subfield>
  </datafield>
  <datafield tag="100" ind1="1" ind2=" ">
    <subfield code="a">Nachtigal, Glen Earl</subfield>
  </datafield>
  <datafield tag="400" ind1="1" ind2=" ">
    <subfield code="a">Nachtigal, G. E.</subfield>
    <subfield code="q">(Glen Earl)</subfield>
  </datafield>
  <datafield tag="670" ind1=" " ind2=" ">
    <subfield code="a">South Dakota corn performance tests, 1951, 1952:</subfield>
    <subfield code="b">cover (Glen Earl Nachtigal)</subfield>
  </datafield>
  <datafield tag="670" ind1=" " ind2=" ">
    <subfield code="a">OCLC, Sept. 20, 2012</subfield>
    <subfield code="b">(hdgs.: Nachtigal, Glen Earl; Nachtigal, G.E.; usages: Glen Earl Nachtigal; G.E. Nachtigal)</subfield>
  </datafield>
</record>